=LDR  02383cam a2200433Ia 4500
=001  ocn122797013
=003  OCoLC
=005  20160925091438.7
=008  021106s193u\\\\ua\\\\\\\\\\\\000\0\ara\d
=040  \\$aCtY$beng$cMEAUC$dOCLCG$dOCLCF$dOCLCO$dOCLCQ$dMEAUC
=066  \\$c(3
=035  \\$a(OCoLC)122797013
=090  \\$aB749$b.A35 1935
=049  \\$aACOLL
=100  0\$6880-01$aAverroës,$d1126-1198.
=245  10$6880-02$aFalsafat Ibn Rushd /$ctaʼlf̄ Muḥammad ibn Aḥmad ibn Rushd ; yaḥtawī ʻalá kitabayy Faṣl al-maqāl wa-al-Kashf ʻan manāhij al-adillah.
=246  30$aFaṣl al-maqāl
=246  30$aKashf ʻan manāhij al-adillah
=250  \\$6880-03$aal-Ṭabʻah al-thānīyah sanat 1353 H.1935 M., Ṭụbiʻat hādhihi al-nuskhah wa-ṣuḥḥiḥat wa-ʻulliqa ʻalayhā bi-maʻrifat al-Maktabah al-Maḥmūdīyah al-Tijārīyah.
=260  \\$6880-04$aMiṣr :$bal-Maktabah al-Maḥmūdīyah al-Tijārīyah,$c1935.
=300  \\$a160 pages ;$c24 cm
=336  \\$atext$btxt$2rdacontent
=337  \\$aunmediated$bn$2rdamedia
=338  \\$avolume$bnc$2rdacarrier
=650  \0$aIslam$xDoctrines$vEarly works to 1800.
=650  \0$aIslam and philosophy$vEarly works to 1800.
=650  \7$aIslam and philosophy.$2fast$0(OCoLC)fst00979877
=650  \7$aIslam$xDoctrines.$2fast$0(OCoLC)fst00979787
=655  \7$aEarly works.$2fast$0(OCoLC)fst01411636
=700  02$6880-05$aAverroës,$d1126-1198.$tKashf ʻan manāhij al-adillah.
=700  02$6880-06$aAverroës,$d1126-1198.$tFaṣl al-maqāl.
=880  0\$6100-01/(3/r$aإبن رشد.
=880  10$6245-02/(3/r$aفلسفة بن رشد /$cتأليف محمد بن احمد بن رشد ؛ يحتوي على كتابي فصل المقال و الكشف عن مناهج الادلة.
=880  \\$6250-00/(3/r$aالطبعة 2.
=880  \\$6250-03/(3/r$aالطبعة الثانية سنة 1353 ه.1935 م.، طبعت هذه النسخة وصححت وعلق عليها بمعرفة المكتبة المحمودية التجارية.
=880  \\$6260-04/(3/r$aمصر :$bالمكتبة المحمودية التجارية،$c1935.
=880  02$6700-05/(3/r$aابن رشد،,$d1126-1198.$tكشف عن مناهج الأدلة.
=880  02$6700-06/(3/r$aابن رشد،,$d1126-1198.$tفصل المقال.
=999  \\$iUaCaAUL_b11984223$o(OCoLC)ocn122797013$sauc_aco000073$e(ERROR-880)

