=LDR  02007cam a2200361Ia 4500
=001  ocn707095816
=003  OCoLC
=005  20151005234403.4
=008  110314s1899\\\\ua\\\\\\\\\\\\000\0\arard
=040  \\$aUUM$beng$cUUM$dUUM$dOCLCF$dOCLCO$dMEAUC$dOCLCQ
=066  \\$c(3
=035  \\$a(OCoLC)707095816
=050  \4$aPJ7755.I18$bA172 1899
=049  \\$aACOLL
=100  1\$6880-01$aFarghalī, Muḥammad.
=240  10$6880-02$aʻIqd al-nafīs bi-tashṭīr wa-takhmīs dīwān ... ʻUmar ibn al-Fāriḍ
=245  10$6880-03$aKitāb al-ʻIqd al-nafīs bi-tashṭīr wa-takhmīs dīwān sulṭān al-ʻāshiqīn al-ʻĀrif billāh sayyidī ʻUmar ibn al-Fāriḍ al-shahīr /$cli-nāzịmihi Muḥammad Farghalī al-Anṣārī al-Ṭahṭāwī.
=250  \\$6880-04$aal-Ṭabʻah 1.
=260  \\$aal-Fajālah :$bMaṭbaʻat al-Tawfīq,$c1316 [1899]
=300  \\$a226 pages ;$c24 cm
=336  \\$atext$btxt$2rdacontent
=337  \\$aunmediated$bn$2rdamedia
=338  \\$avolume$bnc$2rdacarrier
=600  10$6880-05$aIbn al-Fāriḍ, ʻUmar ibn ʻAlī,$d1181 or 1182-1235.$tDīwān.
=630  07$aDīwān (Ibn al-Fāriḍ, ʻUmar ibn ʻAlī)$2fast$0(OCoLC)fst01380574
=700  1\$aIbn al-Fāriḍ, ʻUmar ibn ʻAlī,$d1181 or 1182-1235.$tDīwān.
=880  1\$6100-01/(3/r$aفرغلي، محمد.
=880  10$6240-02/(3/r$aعقد النفيس بتشطير وتخميس ديوان ... عمر بن الفارض
=880  10$6245-03/(3/r$aكتاب العقد النفيس بتشطير وتخميس ديوان سلطان العاشقين العارف بلله سيدي عمر بن الفارض الشهير /$cلناظمه محمد فرغلي الأنصاري الطهطاوي.
=880  \\$6250-04/(3/r$aالطبعة ١.
=880  14$6600-05/(3/r$aابن الفارض، عمر بن علي.$tديوان.
=880  1\$6700-00/(3/r$aابن الفارض، عمر بن علي.$tديوان.
=999  \\$iUaCaAUL_b12131301$o(OCoLC)ocn707095816$sauc_aco000054$e(ERROR-880)

