=LDR  01876cam a2200385Ii 4500
=001  ocm18998955
=003  OCoLC
=005  20150109174043.9
=008  890110s1950\\\\ua\\\\\\\b\\\\000\0\arar\
=010  \\$a   59023136 
=040  \\$aDLC$beng$cVXJ$dOCLCQ$dOCLCG$dOCLCA$dOCLCF$dOCLCO$dOCLCQ$dMEAUC$dLGG
=066  \\$c(3
=019  \\$a61508705
=035  \\$a(OCoLC)18998955$z(OCoLC)61508705
=050  \4$aZ8048.77$b.A55
=049  \\$aACOLL
=100  1\$6880-01$aAnawati, Georges C.,$d1905-1994.
=245  10$6880-04$aMuʼallafāt Ibn Sīnā /$cwaḍaʻahu Jūrj Shiḥātah Qanawātī ; Taṣdīr li-Aḥmad Amīn ; muqaddimah li-Ibrāhīm Madkūr.
=246  3\$aEssai de bibliographie avicennienne
=264  \1$6880-02$aal-Qāhirah :$bDār al-Maʻārif,$c1950.
=300  \\$a31, 435 pages, 20 pages ;$c24 cm
=336  \\$atext$btxt$2rdacontent
=337  \\$aunmediated$bn$2rdamedia
=338  \\$avolume$bnc$2rdacarrier
=500  \\$aAt head of title: Jāmiʻat al-Duwal al-ʻArabīyah, al-Idārah al-Thaqāfīyah. Mihrajān Ibn Sīnā.
=500  \\$aAdded t.p. Essai de bibliographie avicennienne, par G.C. Anawati.
=600  00$aAvicenna,$d980-1037$vBibliography.
=600  07$aAvicenna,$d980-1037$2fast$0(OCoLC)fst00048418
=655  \7$aBibliography.$2fast$0(OCoLC)fst01423717
=710  2\$6880-03$aLeague of Arab States.$bIdārah al-Thaqāfīyah.
=880  1\$6100-01/(3/r$aقنواتي، جورج شحاتة.
=880  10$6245-04/(3/r$aمؤلفات ابن سينا /$cوضعه جورج شحاته قنواتي ؛ تصدير لأحمد امين ؛ مقدمة لابراهيم مدكور.
=880  \1$6264-02/(3/r$aالقاهرة :$bدار المعارف،$c1950.
=880  2\$6710-03/(3/r$aجامعة الدول العربية.$bادارة الثقافية.
=999  \\$iUaCaAUL_b12139300$o(OCoLC)ocm18998955$sauc_aco000049$e(ERROR-880)

