=LDR  01581cam a2200349Mi 4500
=001  ocm33995278
=003  OCoLC
=005  20160920055302.3
=008  930708s1943\\\\ua\a\\\\\b\\\\001\0\ara\d
=040  \\$aHLS$beng$cHLS$dOCLCF$dOCLCQ$dOCLCO$dMEAUC
=066  \\$c(3
=035  \\$a(OCoLC)33995278
=050  \4$aB505$b.B3 1943
=049  \\$aACOLL
=100  1\$6880-01$aBadawī, ʻAbd al-Raḥmān.$eauthor.
=245  10$6880-02$aKharīf al-fikr al-Yūnānī /$cʻAbd al-Raḥman Badawī.
=260  \\$6880-03$aMiṣr :$bMaktabat al-Nahḍah al-Miṣrīyah,$c1943.
=300  \\$a10, 219 pages :$billustrations ;$c22 cm.
=336  \\$atext$btxt$2rdacontent
=337  \\$aunmediated$bn$2rdamedia
=338  \\$avolume$bnc$2rdacarrier
=490  1\$aKhulāṣat al-fikr al-Ūrubbī. Silsilat al-yanābīʻ
=504  \\$aIncludes bibliographical references (pages 210-215) and index.
=650  \0$aPhilosophy, Ancient.
=650  \7$aPhilosophy, Ancient.$2fast$0(OCoLC)fst01060860
=830  \0$6880-04$aKhulāṣat al-fikr al-Ūrubbī. Silsilat al-yanābīʻ
=880  1\$6100-01/(3/r$aبدوي، عبد الرحمن.
=880  10$6245-02/(3/r$aخريف الفكر اليوناني /$cعبد الرحمن بدوي.
=880  \\$6260-03/(3/r$aمصر :$bمكتبة النهضة المصرية،$c1943.
=880  1\$6490-00/(3/r$aخلاصة الفكر الأوروبي.$aسلسلة الينابيع.
=880  \0$6830-04/(3/r$aخلاصة الفكر الاوربي. سلسلة الينابيع
=999  \\$iUaCaAUL_b1314201x$o(OCoLC)ocm33995278$sauc_aco000044$e(ERROR-880)

