=LDR  02432cam a2200409Mi 4500
=001  ocn234387174
=003  OCoLC
=005  20170311004849.8
=008  960928s1948\\\\ua\c\\\\\\\\\\000\0\ara\d
=040  \\$aHLS$beng$erda$cHLS$dOCLCQ$dOCLCO$dOCLCF$dMEAUC$dPUL$dLGG$dOCLCQ
=066  \\$c(3
=019  \\$a42824642
=029  1\$aNLGGC$b185187080
=035  \\$a(OCoLC)234387174$z(OCoLC)42824642
=041  1\$aara$htur
=050  \4$aBL240.2$b.I9x 1948
=049  \\$aACOLL
=100  0\$6880-01$aAhmet İzzet Paşa,$d1864-1937.
=245  13$6880-02$aal-Dīn wa-al-ʻilm /$callafahu bi-al-Turkīyah al-mushīr Aḥmad ʻIzzat Bāshā ; rājaʻahu wa-shāraka fī taṣḥīḥihi al-duktūr ʻAbd al-Wahhāb ʻAzzām al-wazīr al-mufawwaḍ bi-al-Mamlakah al-ʻArabīyah al-Saʻūdīyah ; wa-tarjama aktharahu ilá al-ʻArabīyah Ḥamzah Ṭāhir mudarris al-lughah al-Turkīyah bi-Kullīyat al-Ādāb bi-Jāmiʻat Fuʼād al-Awwal.
=264  \1$6880-03$aal-Qāhirah :$bMaṭbaʻat Lajnat al-Taʼlīf wa-al-Tarjamah wa-al-Nashr,$c1367 H., 1948 M.
=300  \\$a270 pages :$bportrait ;$c24 cm
=336  \\$atext$btxt$2rdacontent
=337  \\$aunmediated$bn$2rdamedia
=338  \\$avolume$bnc$2rdacarrier
=500  \\$aIncludes errata.
=546  \\$aIn Arabic.
=650  \0$aReligion and science.
=650  \7$aReligion and science.$2fast$0(OCoLC)fst01093848
=700  1\$6880-04$aʻAzzām, ʻAbd al-Wahhāb.
=700  1\$6880-05$aṬāhir, Ḥamzah.
=880  0\$6100-01/(3/r$aأحمد عزت باشا،,$d1864-1937.
=880  12$6245-02/(3/r$aالدين والعلم /$cألفه بالتركية المشير أحمد عزت باشا ؛ راجعه وشارك في تصحيحه الدكتور عبد الوهاب عزام الوزير المفوض بالمملكة العربية السعودية ؛ وترجم أكثره إلى العربية حمزة طاهر مدرس اللغة التركية بكلية الآداب بجامعة فؤاد الأول.
=880  \\$6260-00/(3/r$aالقاهرة :$bمطبعة لجنة التأليف والترجمة والنشر،$c1948.
=880  \1$6264-03/(3/r$aالقاهرة :$bمطبعة لجنة التأليف والترجمة والنشر،$c1367 ه.، 1948 م.
=880  1\$6700-04/(3/r$aعزام، عبد الوهاب.
=880  1\$6700-05/(3/r$aطاهر، حمزة.
=999  \\$iUaCaAUL_b13038552$o(OCoLC)ocn234387174$sauc_aco000090$e(ERROR-880)

