=LDR  01902cam a2200397Ii 4500
=001  ocn960801473
=003  OCoLC
=005  20161118063457.4
=008  161017s1928\\\\ua\\\\\\\b\\\\001\0\ara\d
=040  \\$aMEAUC$beng$erda$cMEAUC$dMEAUC$dOCLCO$dOCLCF
=066  \\$c(3
=035  \\$a(OCoLC)960801473
=090  \\$aBF145$b.B3 1928
=049  \\$aACOLL
=100  0\$6880-01$aBar Hebraeus,$d1226-1286,$eauthor.
=245  10$6880-02$aMukhtaṣar fī ʻilm al-nafs al-insānīyah /$cli-Gharīghūriyūs Abī al-Faraj al-maʻrūf bi-Ibn al-ʻIbrī ; ṣḥḥaḥahu wa-ʻallaqa ʻalayhi al-Qiss Būlus Sabāṭ.
=246  15$aTraité sur l'ame
=264  \1$6880-03$aal-Qāhirah :$bMaktabat H. Farīdrīkh wa-shurakāh,$c1928.
=264  \3$6880-04$aal-Qāhirah :$bal-Maṭbaʻah al-Sūrīyah,$c1928.
=300  \\$a65 pages ;$c22 cm
=336  \\$atext$btxt$2rdacontent
=337  \\$aunmediated$bn$2rdamedia
=338  \\$avolume$bnc$2rdacarrier
=504  \\$aIncludes bibliographical references and indexes.
=650  \0$aPsychology$vEarly works to 1800.
=650  \0$aSoul$vEarly works to 1800.
=650  \7$aPsychology.$2fast$0(OCoLC)fst01081447
=650  \7$aSoul.$2fast$0(OCoLC)fst01432098
=655  \7$aEarly works.$2fast$0(OCoLC)fst01411636
=700  1\$6880-05$aSbath, Paul,$eeditor.
=880  0\$6100-01/(3/r$aابن العبري،$d1226-1286.
=880  10$6245-02/(3/r$aمختصر في علم النفس الإنسانية /$cلغريغوريوس أبي الفرج المعروف بابن العبري ؛ صححه وعلق عليه القس بولس سباط.
=880  \1$6264-03/(3/r$aالقاهرة :$bمكتبة هـ. فريدريخ وشركاه،$c1928.
=880  \3$6264-04/(3/r$aالقاهرة :$bالمطبعة السورية،$c1928.
=880  1\$6700-05/(3/r$aسباط، بولس.
=999  \\$iUaCaAUL_b13142677$o(OCoLC)ocn960801473$sauc_aco000072$e(ERROR-880)

