=LDR  01882cam a2200349Ii 4500
=001  ocm37483087
=003  OCoLC
=005  20161102053804.3
=008  970530s1911\\\\ua\\\\\\\\\\\\000\0\arard
=040  \\$aRBN$beng$cRBN$dOCL$dOCLCQ$dOCLCG$dOCLCA$dOCLCQ$dOCLCO$dOCLCA$dOCLCF$dOCLCQ$dOCLCO$dMEAUC
=066  \\$c(3
=035  \\$a(OCoLC)37483087
=050  14$aBJ1291$b.I27x 1911
=049  \\$aACOLL
=100  1\$6880-01$aIbn Miskawayh, Aḥmad ibn Muḥammad,$d-1030.
=240  10$aTahdhīb al-akhlāq wa-taṭhīr al-aʻrāq
=245  10$6880-02$aKitāb Tahdhīb al-akhlāq wa-taṭhīr al-aʻrāq /$clil-Shaykh Abī ʻAlī Aḥmad ibn Muḥammad al-maʻrūf bi-Ibn Miskawayh.
=250  \\$6880-03$aal-Ṭabʻah al-ūlá.
=260  \\$a[Cairo] :$bal-Maṭbaʻah al-Ḥusaynīyah,$c1329 [1911]
=300  \\$a187, 4 pages ;$c17 cm
=336  \\$atext$btxt$2rdacontent
=337  \\$aunmediated$bn$2rdamedia
=338  \\$avolume$bnc$2rdacarrier
=650  \0$aIslamic ethics$vEarly works to 1800.
=650  \7$aIslamic ethics.$2fast$0(OCoLC)fst00979936
=655  \7$aEarly works.$2fast$0(OCoLC)fst01411636
=776  08$iOnline version:$aIbn Miskawayh, Aḥmad ibn Muḥammad, -1030.$sTahdhīb al-akhlāq wa-taṭhīr al-aʻrāq.$tKitāb Tahdhīb al-akhlāq wa-taṭhīr al-aʻrāq.$bal-Ṭabʻah 1.$d[Cairo] : al-Maṭbaʻah al-Ḥusaynīyah, 1329 [1911]$w(OCoLC)744522114
=880  1\$6100-01/(3/r$aابن مسكويه، أحمد بن محمد،$d1030-.
=880  10$6245-02/(3/r$aكتاب تهذيب الأخلاق وتطهير الأعراق /$cللشيخ أبي علي أحمد بن محمد المعروف بابن مسكويه.
=880  \\$6250-03/(3/r$aالطبعة الأولى.
=880  \\$6260-00/(3/r$a[Cairo] :$bالمطبعة الحسينية المصرية،$c1911.
=999  \\$iUaCaAUL_b12966447$o(OCoLC)ocm37483087$sauc_aco000027$e(ERROR-880)

