=LDR  01803cam a2200361Ii 4500
=001  ocm30336263
=003  OCoLC
=005  20161110100503.2
=008  940427s1927\\\\le\\\\\\\b\\\\000\0\arard
=040  \\$aOSU$beng$cOSU$dOCLCQ$dOCLCG$dOCLCQ$dMEAUC$dOCLCF
=066  \\$c(3
=035  \\$a(OCoLC)30336263
=050  \4$aBP193.1.A2$bS5 1927:6
=049  \\$aACOLL
=100  1\$6880-01$aIbn ʻAbd Rabbih, Aḥmad ibn Muḥammad,$d860-940,$eauthor.
=240  10$aʻIqd al-farīd.$kSelections
=245  13$6880-02$aal-ʻIqd al-farīd /$cIbn ʻAbd Rabbih ; dars wa-muntakhabāt bi-qalam Fuʼād Afrām al-Bustānī ustādh al-Ādāb al-ʻArabīyah fī Kullīyat al-Qiddīs Yūsuf.
=264  \1$6880-03$aBayrūt :$bal-Maṭbaʻah al-Kāthūlīkīyah,$c1927.
=300  \\$a2 volumes in 1 ;$c19 cm.
=336  \\$atext$btxt$2rdacontent
=337  \\$aunmediated$bn$2rdamedia
=338  \\$avolume$bnc$2rdacarrier
=504  \\$aIncludes bibliographical references.
=650  \0$aArabic wit and humor.
=650  \0$aArabic language$xVersification.
=650  \7$aArabic language$xVersification.$2fast$0(OCoLC)fst00812458
=650  \7$aArabic wit and humor.$2fast$0(OCoLC)fst00812556
=700  1\$6880-04$aBustānī, Fuʼād Afrām,$eeditor.
=880  1\$6100-01/(3/r$aابن عبد ربه، أحمد بن محمد،,$d940-860.
=880  12$6245-02/(3/r$aالعقد الفريد /$cابن عبد ربه ؛ درس ومنتخبات بقلم فؤاد افرام البستاني أستاذ الاداب العربية في كلية القديس يوسف.
=880  \1$6264-03/(3/r$aبيروت :$bالمطبعة الكاثوليكية،$c1927.
=880  1\$6700-04/(3/r$aبستاني، فؤاد افرام.
=999  \\$iUaCaAUL_b12590873$o(OCoLC)ocm30336263$sauc_aco000003:2 v. in 1$e(ERROR-880)

