=LDR  02226cam a2200469Ii 4500
=001  ocm60498326
=003  OCoLC
=005  20160223163207.8
=008  000612s1934\\\\iq\bcf\\\b\\\\000\0\ara\d
=040  \\$aMEAUC$beng$cMEAUC$dOCLCF$dOCLCO$dOCLCQ$dOCLCO$dMEAUC$dOCL
=066  \\$c(3
=035  \\$a(OCoLC)60498326
=043  \\$aa-iq---
=050  \4$aBX4714.174$bA9 1934
=049  \\$aACOLL
=100  1\$6880-01$aʻAwwād, Kūrkīs.
=245  10$6880-02$aAthar qadīm fī al-ʻIrāq :$bDayr al-Rubbān Harmazad (bi-jiwār al-Mawṣil) /$cbi-qalam Kūrkīs Ḥannā ʻAwwād ; maʻ muqadimah bi-qalam Yūsuf Ghanīmah.
=246  15$aAncient monument in Iraq :$bthe monastery of Rabban Hormizd (near Mosul)
=264  \1$6880-03$aal-Mawṣil :$bMaṭbaʻat al-Najm,$c1934.
=300  \\$a94 pages, [8] unnumbered leaves of plates :$bmap, portraits ;$c24 cm
=336  \\$atext$btxt$2rdacontent
=337  \\$aunmediated$bn$2rdamedia
=338  \\$avolume$bnc$2rdacarrier
=500  \\$aTitle on t.p.: Ancient monument in Iraq.
=504  \\$aIncludes bibliographical references.
=610  20$aMonastery of Rabban Hormizd.
=650  \0$aMonasteries$zIraq.
=651  \0$aIraq$xAntiquities.
=610  20$aCatholic Church$xChaldean rite.
=610  24$aRabban Hormizd, Mosul, Iraq (Monastery)
=610  27$aCatholic Church.$2fast$0(OCoLC)fst00531720
=610  27$aMonastery of Rabban Hormizd.$2fast$0(OCoLC)fst01927492
=650  \7$aAntiquities.$2fast$0(OCoLC)fst00810745
=650  \7$aChaldean rite (Catholic Church)$2fast$0(OCoLC)fst01695165
=650  \7$aMonasteries.$2fast$0(OCoLC)fst01025070
=651  \7$aIraq.$2fast$0(OCoLC)fst01205757
=700  1\$6880-04$aGhanīmah, Yūsuf Rizq Allāh,$d1885-1950.
=880  1\$6100-01/(3/r$aعواد، كوركيس.
=880  10$6245-02/(3/r$aأثر قديم في العراق :$bدير الربان هرمزد (بجوار الموصل) /$cبقلم كوركيس حنا عواد ؛ مع مقدمة بقلم يوسف غنيمة.
=880  \1$6264-03/(3/r$aالموصل :$bمطبعة النجم،$c1934.
=880  1\$6700-04/(3/r$aغنيمة، يوسف رزق الله،$d18851950.
=999  \\$iUaCaAUL_b12496662$o(OCoLC)ocm60498326$sauc_aco000053$e(ERROR-880)

