=LDR  01433cam a2200337Ii 4500
=001  ocm60509927
=003  OCoLC
=005  20150913090703.4
=008  030924s1947\\\\ua\\\\\\a\\\\\000\0\ara\d
=040  \\$aMEAUC$beng$cMEAUC$dOCLCG$dOCLCQ$dMEAUC
=066  \\$c(3
=035  \\$a(OCoLC)60509927
=050  \4$aAC106$b.B55 1947
=049  \\$aACOLL
=100  1\$6880-01$aBishrī, ʻAbd al-ʻAzīz ibn Sālim,$d1886-1943.
=240  10$6880-02$aQuṭūf al-Bishrī
=245  10$6880-03$aQuṭūf /$c[taʼlīf] ʻAbd al-ʻAzīz al-Bishrī ; muqaddimah li-Ṭāhā Ḥusayn.
=250  \\$6880-04$aal-Ṭabʻah al-ūlá
=264  \1$6880-05$aal-Qāhirah :$bDār al-Kātib al-Miṣrī,$c[1947]
=300  \\$a2 volumes ;$c19 cm
=336  \\$atext$btxt$2rdacontent
=337  \\$aunmediated$bn$2rdamedia
=338  \\$avolume$bnc$2rdacarrier
=500  \\$aPreface by Ṭāhā Ḥusayn.
=700  1\$aḤusayn, Ṭāhā,$d1889-1973.
=880  1\$6100-01/(3/r$aبشري، عبد العزيز بن سالم،$d1886-1943.
=880  10$6240-02/(3/r$aقطوف البشرى
=880  10$6245-03/(3/r$aقطوف /$c[تاليف] عبد العزيز البشرى، مقدمة لطه حسين.
=880  \\$6250-04/(3/r$aالطبعة الأولى
=880  \1$6264-05/(3/r$aالقاهرة :$bدار الكاتب المصري،$c[1947]
=999  \\$iUaCaAUL_b13011558$o(OCoLC)ocm60509927$sauc_aco000034:v.1$sauc_aco000035:v.2$e(ERROR-880)

