=LDR  01491cam a22003851  4500
=001  ocm21886642
=003  OCoLC
=005  20170301195337.0
=008  900619s1939\\\\ua\ac\\\\b\\\\000\0\arar\
=010  \\$a   74212902 
=040  \\$aDLC$beng$cDLC$dWAU$dIUL$dLOA$dEYM$dOCLCF$dOCLCQ$dOCLCO$dOCLCQ
=019  \\$a23498254
=029  1\$aAU@$b000027011341
=029  1\$aGBVCP$b87359259X
=035  \\$a(OCoLC)21886642$z(OCoLC)23498254
=042  \\$apremarc
=050  00$aDS57$b.F37
=050  \4$aPJ7824$b.F235 M3
=049  \\$aACOLL
=100  1\$aFāris, Bishr.
=245  10$aMabāḥith ʻArabīyah$c[taʼlīf] Bishr Fāris.
=260  \\$aMiṣr,$bMaṭbaʻat al-Maʻārif wa-Maktabatuhā,$c1939.
=300  \\$a147 pages$billustrations, portraits$c25 cm
=336  \\$atext$btxt$2rdacontent
=337  \\$aunmediated$bn$2rdamedia
=338  \\$avolume$bnc$2rdacarrier
=500  \\$aAdded t.p.: Études arabes, sociologie et linguistique [par] Bishr Farès.
=504  \\$aIncludes bibliographical references.
=530  \\$aAlso issued online.
=650  \0$aArabs$xSocial life and customs.
=650  \0$aArabic philology.
=650  \7$aArabic philology.$2fast$0(OCoLC)fst00812526
=650  \7$aArabs$xSocial life and customs.$2fast$0(OCoLC)fst00812605
=776  08$iOnline version:$aFāris, Bishr.$tMabāḥith ʻArabīyah.$dMiṣr, Maṭbaʻat al-Maʻārif wa-Maktabatuhā, 1939$w(OCoLC)581459306
=999  \\$iUaCaAUL_b13994578$o(OCoLC)ocm21886642$sauc_aco000011$e(ERROR-880)

