=LDR  01178cam a2200313Ii 4500
=001  ocm40972111
=003  OCoLC
=005  20161018092552.0
=008  990118s1916\\\\ua\\\\\\\\\\\\000\0\araod
=040  \\$aCGU$beng$cCGU$dOCLCQ$dMEAUC
=066  \\$c(3
=035  \\$a(OCoLC)40972111
=050  \4$aPJ7862.H78$bK58
=049  \\$aACOLL
=100  1\$aShukrī, ʻAbd al-Raḥmān,$eauthor.
=240  10$6880-01$aThamarāt
=245  10$6880-02$aKitāb al-thamarāt /$ctaʼlīf ʻAbd al-Raḥmān Shukrī.
=264  \1$6880-03$aal-Iskandarīyah :$bMaṭbaʻat Jirjī Gharzūzī,$c1335 H. 1916 M.
=300  \\$a80 pages ;$e24 cm.
=336  \\$atext$btxt$2rdacontent
=337  \\$aunmediated$bn$2rdamedia
=338  \\$avolume$bnc$2rdacarrier
=500  \\$aEssays.
=500  \\$aIncludes errata page.
=880  1\$6100-00/(3/r$aشكري، عبد الرحمن.
=880  10$6240-01/(3/r$aثمرات
=880  10$6245-02/(3/r$aكتاب الثمرات /$cتأليف عبد الرحمن شكري.
=880  \1$6264-03/(3/r$aالإسكندرية :$bمطبعة جرجي غرزوزي،$c1335 هـ. 1916 م.
=999  \\$iUaCaAUL_b13028820$o(OCoLC)ocm40972111$sauc_aco000002$e(ERROR-880)

