=LDR  01484cam a2200325Ia 4500
=001  ocm27459753
=003  OCoLC
=005  20170415025558.5
=008  921007s1943\\\\ua\\\\\\\\\\\\000\0\araod
=040  \\$aCGU$beng$cCGU$dNYP$dOCLCQ$dOCLCA$dOCLCF$dOCLCQ$dMEAUC
=066  \\$c(3
=035  \\$a(OCoLC)27459753
=090  \\$aBP130$b.Z9 1943
=049  \\$aACOLL
=100  1\$6880-01$aZurqānī, Muḥammad ʻAbd al-ʻAẓīm.
=245  10$6880-02$aManāhil al-ʻirfān fī ʻulūm al-Qurʼān /$cbi-qalam Muḥammad ʻAbd al-ʻAẓīm al-Zurqānī.
=260  \\$a[Cairo] :$bDār Iḥyāʼ al-Kutub al-ʻArabīyah :$bʻĪsá al-Bābī al-Ḥalabī,$c1943.
=300  \\$a2 volumes;$c25 cm
=336  \\$atext$btxt$2rdacontent
=337  \\$aunmediated$bn$2rdamedia
=338  \\$avolume$bnc$2rdacarrier
=630  00$aQurʼan$xCommentaries.
=630  00$aQurʼan$xCriticism, interpretation, etc.
=630  07$aQurʼan.$2fast$0(OCoLC)fst01842877
=655  \7$aCommentaries.$2fast$0(OCoLC)fst01423723
=655  \7$aCriticism, interpretation, etc.$2fast$0(OCoLC)fst01411635
=880  1\$6100-01/(3/r$aزرقاني، محمد عبد العظيم.
=880  10$6245-02/(3/r$aمناهل العرفان في علوم القرآن /$cبقلم محمد عبد العظيم الزرقاني.
=880  \\$6260-00/(3/r$a[Cairo] :$bدار إحياء الكتب العربية،$c1943.
=999  \\$iUaCaAUL_b13159197$o(OCoLC)ocm27459753$sauc_aco000096:v.1$sauc_aco000099:v.2$e(ERROR-880)

