=LDR  01463cam a2200337Ma 4500
=001  ocm33321307
=003  OCoLC
=005  20151014174223.8
=008  930708s1943\\\\ua\\\\\\\b\\\\001\0\ara\d
=040  \\$aHLS$beng$cHLS$dOCLCQ$dOCLCF$dOCLCQ$dMEAUC
=066  \\$c(3
=035  \\$a(OCoLC)33321307
=049  \\$aACOLL
=100  1\$6880-01$aBadawī, ʻAbd al-Raḥmān.
=245  10$6880-02$aArisṭū /$cʻAbd al-Raḥmān Badawī.
=264  \1$6880-03$aMiṣr :$bMaktabat al-Nahḍah al-Miṣrīyah,$c1943.
=300  \\$a294 pages ;$c21 cm.
=336  \\$atext$btxt$2rdacontent
=337  \\$aunmediated$bn$2rdamedia
=338  \\$avolume$bnc$2rdacarrier
=490  1\$6880-04$aKhulāṣat al-fikr al-Ūrubbī. Silsilat al-yanābīʻ
=504  \\$aIncludes bibliographical references (pages 286-291) and index.
=600  00$aAristotle.
=600  07$aAristotle.$2fast$0(OCoLC)fst00029885
=830  \0$6880-05$aKhulāṣat al-fikr al-Ūrubbī.$pSilsilat al-yanābīʻ.
=880  1\$6100-01/(3/r$aبدوى، عبد الرحمن.
=880  10$6245-02/(3/r$aارسطو /$cعبد الرحمن بدوى.
=880  \1$6264-03/(3/r$aمصر :$bمكتبة النهضة المصرية،$c1943.
=880  1\$6490-04/(3/r$aخلاصة الفكر الأوربي. سلسلة الينابيع
=880  \0$6830-05/(3/r$aخلاصة الفكر الأوربي.$pسلسلة الينابيع.
=999  \\$iUaCaAUL_b1286335x$o(OCoLC)ocm33321307$sauc_aco000015$e(ERROR-MISC)

