=LDR  03256cam a2200457Ii 4500
=001  ocn960905288
=003  OCoLC
=005  20161118080628.7
=008  161019s1899\\\\ua\\\\\\\\\\\\000\0\ara\d
=040  \\$aMEAUC$beng$erda$cMEAUC$dOCLCO$dOCLCF
=066  \\$c(3
=035  \\$a(OCoLC)960905288
=050  \4$aBJ1291$b.M33 1899
=049  \\$aACOLL
=100  1\$6880-01$aMāwardī, ʻAlī ibn Muḥammad,$d974?-1058,$eauthor.
=240  10$aAdab al-dunyā wa-al-dīn.
=245  10$6880-02$aKitāb adab al-dunyā wa-al-dīn /$ctaʼlīf al-ʻālim al-ʻallāmah al-ḥabr al-fahhāmah al-imām al-kabīr al-muḥaqqiq al-shahīr aqḍá al-quḍāt Abī al-Ḥasan ʻAlī ibn Muḥammad ibn Ḥabīb al-Baṣrī al-Māwardī raḥimahu Allāh ; wa-bi-hāmishihi Kitāb tahdhīb al-akhlāq wa-taṭhīr al-aʻrāq / lil-shaykh Abī ʻAlī Aḥmad ibn Muḥammad, al-maʻrūf bi-Ibn Miskawayh al-mutawafá sanat 421.
=250  \\$6880-03$aal-Ṭabʻah al-ūlá.
=264  \1$6880-04$a[al-Qāhirah], Miṣr :$bal-Maṭbaʻah al-Adabīyah bi-Sūq al-Khuḍār al-qadīm bi-Miṣr,$c1317 H., [1899-1900 M.]
=264  \3$6880-05$a[al-Qāhirah], Miṣr :$bṬubiʻa bi-al-Maṭbaʻah al-Adabīyah bi-Sūq al-Khuḍār al-qadīm bi-Miṣr.
=300  \\$a224 pages ;$c26 cm.
=336  \\$atext$btxt$2rdacontent
=337  \\$aunmediated$bn$2rdamedia
=338  \\$avolume$bnc$2rdacarrier
=650  \0$aIslamic ethics$vEarly works to 1800.
=650  \0$aIslamic etiquette.
=650  \0$aConduct of life$vEarly works to 1900.
=650  \7$aConduct of life.$2fast$0(OCoLC)fst00874563
=650  \7$aIslamic ethics.$2fast$0(OCoLC)fst00979936
=650  \7$aIslamic etiquette.$2fast$0(OCoLC)fst00979940
=655  \7$aEarly works.$2fast$0(OCoLC)fst01411636
=700  12$6880-06$aIbn Miskawayh, Aḥmad ibn Muḥammad,$d-1030.$tKitāb tahdhīb al-akhlāq wa-taṭhīr al-aʻrāq.
=740  0\$6880-07$aTahdhīb al-akhlāq wa-taṭhīr al-aʻrāq.
=880  1\$6100-01/(3/r$aماوردي، علي بن محمد،$d974؟1058-،$eauthor.
=880  10$6245-02/(3/r$aكتاب ادب الدنيا والدين /$cتأليف العالم العلامة الحبر الفهامة الامام الكبير المحقق الشهير أقضى القضاة أبي الحسن علي بن محمد بن حبيب البصري الماوردي رحمه الله ؛ وبهامشه كتاب تهذيب الأخلاق وتطهير الأعراق / للشيخ أبي علي أحمد بن محمد، المعروف بابن مسكويه المتوفى سنة 421.
=880  \\$6250-03/(3/r$aالطبعة الأولى.
=880  \1$6264-04/(3/r$a[القاهرة]، مصر :$bالمطبعة الادبية بسوق الخضار القديم بمصر،$c1317 ه.، [1899-1900 م.]
=880  \3$6264-05/(3/r$a[القاهرة]، مصر :$bطبع بالمطبعة الادبية بسوق الخضار القديم بمصر.
=880  12$6700-06/(3/r$aإبن مسكويه، أحمد بن محمد،$d1030.$tكتاب تهذيب الأخلاق وتطهير الأعراق.
=880  0\$6740-07/(3/r$aتهذيب الأخلاق وتطهير الأعراق.
=999  \\$iUaCaAUL_b12957033$o(OCoLC)ocn960905288$sauc_aco000075$e(ERROR-880)

