=LDR  01077cam a2200301Ii 4500
=001  ocm60509931
=003  OCoLC
=005  20151014183656.4
=008  030925q19091992ua\\\\\\\\\\\\000\0\ara\d
=040  \\$aMEAUC$beng$cMEAUC$dOCLCQ$erda$dMEAUC$dOCLCF
=066  \\$c(3
=035  \\$a(OCoLC)60509931
=090  \\$aAC106$b.K43x
=049  \\$aACOLL
=100  1\$6880-01$aKhānkī, ʻAzīz.
=245  10$6880-02$aKhawāṭir khawāṭir /$cbi-qalam ʻAzīz Khānkī.
=264  \1$a[Place of publication not identified] :$b[publisher not identified] ,$c[date of publication not identified]
=300  \\$a118 pages ;$c24 cm.
=336  \\$atext$btxt$2rdacontent
=337  \\$aunmediated$bn$2rdamedia
=338  \\$avolume$bnc$2rdacarrier
=500  \\$aCover title.
=500  \\$aEssays.
=650  \0$aArabic essays.
=650  \7$aArabic essays.$2fast$0(OCoLC)fst00812272
=880  1\$6100-01/(3/r$aخانكى، عزيز.
=880  10$6245-02/(3/r$aخواطر خواطر /$cبقلم عزيز خانكي.
=999  \\$iUaCaAUL_b13013142$o(OCoLC)ocm60509931$sauc_aco000039$e(ERROR-880)

