=LDR  03253cam a2200457Mi 4500
=001  ocn122797082
=003  OCoLC
=005  20161215162356.9
=008  030327s1946\\\\ua\\\\\\\b\\\\000\0\ara\d
=040  \\$aEG-CaAUA$beng$erda$cMEAUC$dOCLCQ$dOCLCF$dOCLCO$dOCLCQ$dMEAUC$dOCLCQ
=066  \\$c(3$c(4
=035  \\$a(OCoLC)122797082
=050  \4$aB945.J23$b.W31 1946
=049  \\$aACOLL
=100  1\$aJames, William,$eauthor.
=245  10$6880-01$aIrādat al-iʻtiqād /$cli-Wilyam Chams =$bThe will to beleive / by William James ; tarjamahu al-Duktūr Maḥmūd Ḥubb Allāh duktūr fī al-falsafah min Jāmiʻat Landan, ustādh al-falsafah wa-ʻilm al-nafs bi-Kullīyat Uṣūl al-Dīn wa-ʻuḍw al-Jamʻīyah al-Falsafīyah al-Miṣrīyah.
=246  31$aWill to beleive
=264  \1$6880-02$a[al-Qāhirah] :$bDār Iḥyāʼ al-Kutub al-ʻArabīyah, ʻīsá al-Bābī al-Ḥalabī wa-shurakāh,$c1365 H., 1946 M.
=300  \\$a142 pages ;$c23 cm.
=336  \\$atext$btxt$2rdacontent
=337  \\$aunmediated$bn$2rdamedia
=338  \\$avolume$bnc$2rdacarrier
=490  1\$6880-03$aMuʼallafāt al-jamʻīyah al-falsafīyah al-Miṣrīyah.
=500  \\$6880-04$aAt head of title: Muʼallafāt al-jamʻīyah al-falsafīyah al-Miṣrīyah, yushrifu ʻalá iṣdārihā : al-Duktūr Manṣūr Fahmī Bāshā Raʼīs al-Jamʻīyah, wa-al-Duktūr ʻAlī ʻAbd al-Wāḥid Wāfī wakīluhā.
=500  \\$6880-05$aMultazimū al-ṭabʻ wa-al-nashr Dār Iḥyāʼ al-Kutub al-ʻArabīyah, ʻīsá al-Bābī al-Ḥalabī wa-shurakāh.
=500  \\$aIncludes errata.
=504  \\$aIncludes bibliographical references.
=650  \0$aPhilosophy.
=650  \0$aBelief and doubt.
=650  \7$aBelief and doubt.$2fast$0(OCoLC)fst00830124
=650  \7$aPhilosophy.$2fast$0(OCoLC)fst01060777
=700  1\$6880-06$aḤubb Allāh, Maḥmūd,$etranslator.
=830  \0$6880-07$aMuʼallafāt al-Jamʻīyah al-Falsafīyah al-Miṣrīyah.
=880  10$6245-01/(3/r$aإرادة الاعتقاد /$cلوليم چمس ؛ ترجمه الدكتور محمود حب الله دكتور في الفلسفة من جامعة لندن، أستاذ الفلسفة وعلم النفس بكلية أصول الدين وعضو الجمعية الفلسفية المصرية.
=880  \1$6264-02/(3/r$a[القاهرة] :$bدار إحياء الكتب العربية، عيسى البابي الحلبي وشركاه،$c1365 ه.، 1946 م.
=880  1\$6490-03/(3/r$aمؤلفات الجمعية الفلسفية المصرية.
=880  \\$6500-04/(3/r$aAt head of title: مؤلفات الجمعية الفلسفية المصرية، يشرف على إصدارها : الدكتور منصور فهمي باشا رئيس الجمعية، والدكتور علي عبد الواحد وافي وكيلها.
=880  \\$6500-05/(3/r$aملتزموا الطبع والنشر دار إحياء الكتب العربية، عيسى البابي الحلبي وشركاه.
=880  1\$6700-06/(3/r$aحب الله، محمود،,$etranslator.
=880  \0$6830-07/(3/r$aمؤلفات الجمعية الفلسفية المصرية.
=999  \\$iUaCaAUL_b12947453$o(OCoLC)ocn122797082$sauc_aco000081$e(ERROR-880)

