=LDR  01989cam a2200433Ii 4500
=001  ocn222915818
=003  OCoLC
=005  20151016065525.6
=008  990707s1938\\\\iq\af\\\\\\\\\000\0\ara\d
=040  \\$aAU@$beng$cAU@$dOCLCF$dOCLCO$dOCLCQ$dMEAUC$dOCL
=066  \\$c(3
=029  0\$aAU@$b000022231848
=035  \\$a(OCoLC)222915818
=043  \\$aa-iq---$aar-----
=050  \4$aDS69.B3$bM33 1938
=049  \\$aACOLL
=245  00$6880-01$aDalīl matḥaf al-āthār al-ʻArabīyah fī Khān Marjān bi-baghdād /$cMatḥaf al-Āthār al-Qadīmah.
=246  1\$iParallel title on page [4] of cover:$aGuide to the Arab Museum at Khan Marjan in Baghdad
=264  \1$6880-02$aBaghdād :$bMaṭbaʻat al-Ḥukūmah,$c1938.
=300  \\$a47 pages, 38 pages of plates :$billustrations ;$c22 cm
=336  \\$atext$btxt$2rdacontent
=337  \\$aunmediated$bn$2rdamedia
=338  \\$avolume$bnc$2rdacarrier
=500  \\$aPage [4] of cover in English.
=500  \\$aAt head of title: Mudīrīyat al-athār al-qadīmah
=610  20$aMatḥaf al-Āthār al-ʻArabīyah (Baghdad, Iraq)$vGuidebooks.
=650  \0$aArt, Ancient$zIraq$vGuidebooks.
=651  \0$aIraq$xAntiquities.
=651  \0$aArabian Peninsula$xAntiquities.
=610  27$aMatḥaf al-Āthār al-ʻArabīyah (Baghdad, Iraq)$2fast$0(OCoLC)fst01511518
=650  \7$aAntiquities.$2fast$0(OCoLC)fst00810745
=650  \7$aArt, Ancient.$2fast$0(OCoLC)fst00815925
=651  \7$aArabian Peninsula.$2fast$0(OCoLC)fst01240131
=651  \7$aIraq.$2fast$0(OCoLC)fst01205757
=655  \7$aGuidebooks.$2fast$0(OCoLC)fst01423871
=710  1\$aIraq.$bMudīrīyat al-Āthār al-Qadīmah al-ʻĀmmah.
=880  00$6245-01/(3/r$aدليل متحف الآثار العربية في خان مرجان ببغداد /$cمتحف الآثار القديمة.
=880  \1$6264-02/(3/r$aبغداد :$bمطبعة الحكومة،$c1938.
=999  \\$iUaCaAUL_b14525756$o(OCoLC)ocn222915818$sauc_aco000058$e(ERROR-880)

