=LDR  01933cam a2200301Ii 4500
=001  ocm42871879
=003  OCoLC
=005  20161101083627.6
=008  991122s1945\\\\ua\\\\\\\\\\\\000\0\ara\d
=040  \\$aPUL$beng$erda$cPUL$dOCLCQ$dOCLCF$dOCLCQ$dOCLCO$dMEAUC
=066  \\$c(3$c(4
=035  \\$a(OCoLC)42871879
=049  \\$aACOLL
=100  1\$6880-01$aṬawīl, Tawfīq.
=245  13$6880-02$aal-Aḥlām;$bdirāsah lil-madhāhib al-Islāmīyah  falsafīyah wa-ṣūfīyah wa-dīnīyah fī mawḍūʻ al-aḥlām maʻa taabbuʻahā fī al-dīn wa-al-turāth al-Yūnānī wa-al-sharqī al-qadīm wa-bayān mā yuqābiluhā ʻinda al-muḥaddithīn min ʻulamāʼ al-nafs /$ctaʼlīf al-duktūr Tawfīq Ṭawīl mudarris al-falsafah bi-Kullīyat al-Ādāb Jāmiʻat Fārūq al-Awwal.
=250  \\$6880-03$aal-Ṭabʻah al-ūlá 1364 H.1945 M.
=264  \1$6880-04$aal-Qāhirah,$bMaktabat al-Adāb,$c1364 H.1945 M.
=300  \\$a247 pages$c26 cm
=336  \\$atext$btxt$2rdacontent
=337  \\$aunmediated$bn$2rdamedia
=338  \\$avolume$bnc$2rdacarrier
=650  \0$aDreams.
=650  \7$aDreams.$2fast$0(OCoLC)fst01198490
=880  1\$6100-01/(3/r$a‏طويل، توفيق.
=880  12$6245-02/(3/r$aالاحلام؛$bدراسة للمذاهب الأسلامية  فلسڤئية وصوفية ودينية في موضوع الآحلام مع تابعها في الدين والتراث اليوناني والشرقي القديم وبيان ما يقابلها عند المحدثين من علماء النفس /$cتأليف الدكتور توفيق طويل مدرس الفلسفة بكلية الآداب جامعة فاروق الاول.
=880  \\$6250-03/(3/r$aالطبعة الأولى 1364 ه. 1945 م.
=880  \1$6264-04/(3/r$a‏القاهرة :‏$b‏مكتبة الآداب،‏$c‏1945.
=999  \\$iUaCaAUL_b13631809$o(OCoLC)ocm42871879$sauc_aco000074$e(ERROR-MISC)

