=LDR  01140cam a2200277Ii 4500
=001  ocn166265402
=003  OCoLC
=005  20160922070623.8
=008  070823s1954\\\\ua\\\\\\\\\\\\000\0\ara\d
=040  \\$aMEAUC$beng$cMEAUC$dOCLCG$dOCLCF$dOCLCQ$dMEAUC
=066  \\$c(3
=035  \\$a(OCoLC)166265402
=049  \\$aACOLL
=100  1\$6880-01$aḤājj, Kamāl Yūsuf.
=245  10$6880-02$aRinīh Dīkārt abū al-falsafah al-ḥadīthah /$cKamāl Yūsuf al-Ḥājj.
=260  \\$6880-03$a[Bayrūt] :$bDār Maktabat al-Ḥayāh,$c1954.
=300  \\$a268 pages ;$c21 cm
=336  \\$atext$btxt$2rdacontent
=337  \\$aunmediated$bn$2rdamedia
=338  \\$avolume$bnc$2rdacarrier
=600  10$aDescartes, René,$d1596-1650.
=600  17$aDescartes, René,$d1596-1650.$2fast$0(OCoLC)fst00036818
=880  1\$6100-01/(3/r$aحاج، كمال يوسف.
=880  10$6245-02/(3/r$aرنيه ديكارت ابو الفلسفة الحديثة /$cكمال يوسف الحاج.
=880  \\$6260-03/(3/r$a[بيروت] :$bدار مكتبة الحياه،$c1954.
=999  \\$iUaCaAUL_b1400009x$o(OCoLC)ocn166265402$sauc_aco000018$e(ERROR-MISC)

