=LDR  01867cam a2200385Ma 4500
=001  ocn427634986
=003  OCoLC
=005  20160919065511.2
=008  950110s1952\\\\ua\a\\\\r\\\\\110\0\araod
=040  \\$aLGG$beng$cLGG$dOCLCQ$dOCLCF$dOCLCO$dOCL$dOCLCQ$dOCLCO$dMEAUC
=066  \\$c(3
=035  \\$a(OCoLC)427634986
=050  \4$aB751.Z7$bM496 1952a
=049  \\$aACOLL
=111  2\$6880-01$aMihrajān al-Alfī li-Dhikrʹa Ibn Sīnā,$d(1952 :$cBaghdad, Iraq)
=245  13$6880-02$aal-Kitāb al-dhahabī lil-Mihrajān al-Alfī li-Dhikrá Ibn Sīnā :$bBaghdād min 20 ilá 28 Māris 1952.
=246  15$aMillénaire d'Avicenne : Congrès de Bagdad 20-28 mars 1952
=260  \\$6880-03$a[Cairo, Egypt] :$bMaṭbaʻat Miṣr,$c1952.
=300  \\$a6, 463, 69 pages :$billustrations ;$c24 cm
=336  \\$atext$btxt$2rdacontent
=337  \\$aunmediated$bn$2rdamedia
=338  \\$avolume$bnc$2rdacarrier
=533  \\$aPhotocopy.$d[196-?].
=539  \\$as$b196u$dua$en
=600  00$aAvicenna,$d980-1037$vCongresses.
=650  \0$aIslamic philosophy$vCongresses.
=600  07$aAvicenna,$d980-1037.$2fast$0(OCoLC)fst00048418
=650  \7$aIslamic philosophy.$2fast$0(OCoLC)fst01730358
=655  \7$aConference papers and proceedings.$2fast$0(OCoLC)fst01423772
=710  2\$6880-04$aLeague of Arab States.$bIdārah al-Thaqāfīyah.
=880  2\$6111-01/(3/r$aمهرجان الألفي لذكر ابن سينا،$d(1952 :$cبغدد،عراق)
=880  12$6245-02/(3/r$aالكتاب الذهبي للمهرجان الألفي لذكرى ابن سينا :$bبغداد من 20 الى 28 مارس 1952.
=880  \\$6260-03/(3/r$a[القاهرة] :$bمطبعة مصر،$c1952.
=880  2\$6710-04/(3/r$aجامعة الدول العربية.$bادارة الثقافية
=999  \\$iUaCaAUL_b12897565$o(OCoLC)ocn427634986$sauc_aco000098$e(ERROR-880)

