=LDR  01974cam a2200361Ma 4500
=001  ocm60505969
=003  OCoLC
=005  20140903110519.1
=008  010531s1862\\\\ua\\\\\\\\\\\\000\0\ara\d
=040  \\$aMEAUC$beng$cMEAUC$dOCLCQ$dOCLCG$dOCLCA$dOCLCQ$dOCLCF
=066  \\$c(3
=035  \\$a(OCoLC)60505969
=049  \\$aACOLL
=100  1\$6880-01$aNābulusī, ʻAbd al-Ghanī ibn Ismāʻīl,$d1641-1731.
=245  10$6880-02$aHādhā kitāb Sharḥ dīwān ... ʻUmar Ibn al-Fāriḍ /$cli-ʻAbd al-Ghanī al-Nābulusī wa-li-Ḥasan al-Būrīnī ; [jamʻ wa-taqdīm Rashīd ibn Ghālib].
=260  \\$6880-03$aMiṣr :$bal-Maṭbaʻah al-Kastilīyah,$c1279 [1862]
=300  \\$a2 volumes in 1 ;$c26 cm
=336  \\$atext$btxt$2rdacontent
=337  \\$aunmediated$bn$2rdamedia
=338  \\$avolume$bnc$2rdacarrier
=600  10$6880-04$aIbn al-Fāriḍ, ʻUmar ibn ʻAlī,$d1181 or 1182-1235.
=600  17$aIbn al-Fāriḍ, ʻUmar ibn ʻAlī,$d1181 or 1182-1235.$2fast$0(OCoLC)fst01825353
=700  1\$6880-05$aBūrīnī, Ḥasan ibn Muḥammad,$d1556-1615.
=700  1\$6880-06$aIbn Ghālib, Rashīd.
=740  0\$6880-07$aSharḥ dīwān ʻUmar Ibn al-Fāriḍ.
=880  1\$6100-01/(3/r$aنابلسي، عبد الغني بن اسماعيل،,$d1731-1641.
=880  10$6245-02/(3/r$aهذا كتاب شرح ديوان ... عمر بن الفارض /$cلعبد الغني النابلسي ولحسن البوريني ؛ ±جمع وتقديم رشيد بن غالبƯ.
=880  \\$6260-03/(3/r$aمصر :$bالمطبعة الكستلية،$c[1862] 1279.
=880  14$6600-04/(3/r$aابن الفارض، عمر بن علي،,$d1235-2 or 1181.
=880  1\$6700-05/(3/r$aبوريني، حسن بن محمد،,$d1615-1556.
=880  1\$6700-06/(3/r$aابن غالب، رشيد.
=880  0\$6740-07/(3/r$aشرح ديوان عمر بن الفارض.
=999  \\$iUaCaAUL_b11968503$o(OCoLC)ocm60505969$sauc_aco000048:2 v. in 1$e(ERROR-MISC)

