=LDR  02032cam a2200421Ia 4500
=001  ocm30770219
=003  OCoLC
=005  20160925102601.6
=008  900118s1947\\\\ua\\\\\\\b\\\\001\0\arard
=040  \\$aHLS$beng$cHLS$dLGG$dOCLCQ$dNYP$dEUM$dOCLCQ$dOCLCF$dOCLCQ$dMEAUC
=066  \\$c(3
=035  \\$a(OCoLC)30770219
=050  \4$aBC34$b.N37 1947
=049  \\$aACOLL
=100  1\$6880-01$aNashshār, ʻAlī Sāmī,$d1917-1980.
=245  10$6880-02$aManāhij al-baḥth ʻinda mufakkirī al-Islām, wa naqd al-Muslimīn li-al-manṭiq al-Arisṭuṭālīsī /$ctaʼlīf ʻAlī Sāmī al-Nashshār.
=246  1\$iPage [4] of cover title:$aMéthodes chez les penseurs musulmans et leur critique de la logique aristotelicienne
=250  \\$6880-03$aal-Tabʻah 1.
=260  \\$a[al-Qāhirah] :$bDār al-Fikr al-ʻArabī,$c1947.
=300  \\$a263, 8 pages ;$c26 cm
=336  \\$atext$btxt$2rdacontent
=337  \\$aunmediated$bn$2rdamedia
=338  \\$avolume$bnc$2rdacarrier
=504  \\$aIncludes bibliographical references (pages 246-257)-and indexes.
=500  \\$aTitle on p. [4] of cover: Les méthodes chez les penseurs musulmans et leur critique de la logique aristotelicienne.
=500  \\$aIncludes errata page.
=650  \0$aIslamic philosophy.
=650  \0$aLogic, Medieval.
=600  00$aAristotle.
=600  04$aAristotle$xContributions in logic.
=600  07$aAristotle.$2fast$0(OCoLC)fst00029885
=650  \7$aIslamic philosophy.$2fast$0(OCoLC)fst01730358
=650  \7$aLogic, Medieval.$2fast$0(OCoLC)fst01002062
=880  1\$6100-01/(3/r$aنشار، علي سامي،,$d19171980.
=880  10$6245-02/(3/r$aمناهج البحث عند مفكري الإسلام :$bونقد المسلمين للمنطق الأرسططاليسي /$cتأليف علي سامي النشار.
=880  \\$6250-03/(3/r$aالطبعة 1.
=880  \\$6260-00/(3/r$a[القاهرة] :$bدار الفكر العربي ،$c1947.
=999  \\$iUaCaAUL_b12845097$o(OCoLC)ocm30770219$sauc_aco000063$e(ERROR-880)

