=LDR  01506cam a2200277Ma 4500
=001  ocm60506773
=003  OCoLC
=005  20130905170533.6
=008  011212s1909\\\\ua\\\\\\\\\\\\000\0\ara\d
=040  \\$aMEAUC$beng$cMEAUC$dOCLCG$dOCLCA$dOCLCQ
=066  \\$c(3
=035  \\$a(OCoLC)60506773
=049  \\$aACOLL
=100  1\$6880-01$aTaymūrīyah, ʻĀʼishah,$d1840 or 1841-1902 or 1903.
=240  10$6880-02$aḤilyat al-ṭirāz
=245  13$6880-03$aal-Dīwān al-muḥyī rufāt al-adab al-bāligh min funūn al-balāghah ghāyat al-arab al-muḥtawī min ḥusn al-barāʻah ʻalá mā bi-hi imtāza al-musammá ṭibqan li-maʻnāhu bi-Ḥilyat al-ṭirāz ...
=260  \\$6880-04$a[Cairo] :$bal-Maṭbaʻah al-ʻĀmirah al-Sharafīyah,$c1327 [1909]
=300  \\$a71 pages ;$c25 cm
=336  \\$atext$btxt$2rdacontent
=337  \\$aunmediated$bn$2rdamedia
=338  \\$avolume$bnc$2rdacarrier
=880  1\$6100-01/(3/r$aتيمورية، عائشة،,$d3 or 1902-41 or 1840.
=880  10$6240-02/(3/r$aحلية الطراز
=880  12$6245-03/(3/r$aالديوان المحيي رفات الأدب البالغ من فنون البلاغة غاية الأرب المحتوي من حسن البراعة على ما به امتاز المسمى طبقا لمعناه بحلية الطراز ...
=880  \\$6260-04/(3/r$a±القاهرةƯ :$bالمطبعة العامرة الشرفية،$c[1909] 1327.
=999  \\$iUaCaAUL_b12745972$o(OCoLC)ocm60506773$sauc_aco000059$e(ERROR-MISC)

