=LDR  01663cam a2200409Mi 4500
=001  ocn122839209
=003  OCoLC
=005  20161215124608.2
=008  040907s1941\\\\ua\\\\\\\\\\\\000\0\ara\d
=040  \\$aEG-CaAUA$beng$cMEAUC$dOCLCQ$dMEAUC$dOCLCO$dOCLCF$dOCLCO$dOCLCQ
=066  \\$c(3
=035  \\$a(OCoLC)122839209
=043  \\$ae-gx---
=050  \4$aB3147$b.B31 1941
=049  \\$aACOLL
=100  1\$6880-01$aBadawī, ʻAbd al-Raḥmān.
=245  10$6880-02$aIshpinjilar /$cʻAbd al-Raḥmān Badawī.
=246  3\$aIshpinjilir
=264  \1$6880-03$aal-Qāhirah :$bal-Nāshir Maktabat al-Nahḍah al-Miṣrīyah,$c1941.
=300  \\$a320 pages ;$c19 cm.
=336  \\$atext$btxt$2rdacontent
=337  \\$aunmediated$bn$2rdamedia
=338  \\$avolume$bnc$2rdacarrier
=490  0\$6880-04$aKhulāṣat al-fikr al-Ūrubbī
=490  0\$6880-05$aSilsilat al-Mufakkirīn
=600  10$aSpengler, Oswald,$d1880-1936.
=650  \0$aPhilosophers$zGermany$vBiography.
=600  17$aSpengler, Oswald,$d1880-1936.$2fast$0(OCoLC)fst00006898
=650  \7$aPhilosophers.$2fast$0(OCoLC)fst01060746
=651  \7$aGermany.$2fast$0(OCoLC)fst01210272
=655  \7$aBiography.$2fast$0(OCoLC)fst01423686
=880  1\$6100-01/(3/r$aبدوي، عبد الرحمن.
=880  10$6245-02/(3/r$aأشبنجلر /$cعبد الرحمن بدوي.
=880  \1$6264-03/(3/r$aالقاهرة :$bلناشر مكتبة النهضة المصرية،$c1941.
=880  0\$6490-04/(3/r$aخلاصة الفكر الأوربي
=880  0\$6490-05/(3/r$aسلسلة المفكرين
=999  \\$iUaCaAUL_b13145204$o(OCoLC)ocn122839209$sauc_aco000062$e(ERROR-880)(ERROR-SERIES)

