=LDR  00825cam a2200241Ma 4500
=001  ocm84990824
=003  OCoLC
=005  20161214174205.7
=008  020607s1931\\\\ua\\\\\\\\\\\\000\0\ara\d
=040  \\$aCUD$beng$cCUD$dOCLCG$dOCLCQ$dOCLCF$dOCLCO$dOCLCQ
=035  \\$a(OCoLC)84990824
=049  \\$aACOLL
=100  1\$aJawharī, Ṭanṭāwī,$d1862-1940.
=245  15$aʼAl-ʼArwāḥ /$ctaʼlīf Ṭanṭāwī Jawharī.
=250  \\$aʼAl-Ṭabʻah 3.
=260  \\$aMiṣr :$bʼal-Maṭbaʻah ʼal-Raḥmānīyah,$c1931.
=300  \\$a349 pages ;$c25 cm
=336  \\$atext$btxt$2rdacontent
=337  \\$aunmediated$bn$2rdamedia
=338  \\$avolume$bnc$2rdacarrier
=650  \0$aGhosts.
=650  \7$aGhosts.$2fast$0(OCoLC)fst00942434
=999  \\$iUaCaAUL_b14007058$o(OCoLC)ocm84990824$sauc_aco000077$e(ERROR-880)(ERROR-MISC)

